@techreport{wagner17,
    author  = "Indyk, Piotr and Razenshteyn, Ilya and Wagner, Tal",
    title   = "{P}ractical {D}ata-{D}ependent {M}etric {C}ompression with {P}rovable {G}uarantees",
    institution = "MIT",
    address = "Long Beach, CA, USA",
    year    = "2017",
    note = "31st Conference on Neural Information Processing Systems (NIPS 2017)"
}

@datadependenthashing{ilya15,
    author = "Alexandr Andoni and Ilya Razenshteyn",
    title = "{O}ptimal {D}ata-{D}ependent {H}ashing for {A}pproximate {N}ear {N}eighbors",
    institution = "MIT and UC Berkeley",
    year = "2015"
    
}